<?xml version="1.0" encoding="UTF-8"?><record xmlns="http://www.loc.gov/MARC21/slim" xmlns:cinclude="http://apache.org/cocoon/include/1.0" xmlns:zs="http://www.loc.gov/zing/srw/">
  <leader>00663nz  a2200193n  4500</leader>
  <controlfield tag="001">no2002109632</controlfield>
  <controlfield tag="003">DLC</controlfield>
  <controlfield tag="005">20021205071010.0</controlfield>
  <controlfield tag="008">021204n| acannaabn          |a aaa      </controlfield>
  <datafield tag="010" ind1=" " ind2=" ">
    <subfield code="a">no2002109632</subfield>
  </datafield>
  <datafield tag="035" ind1=" " ind2=" ">
    <subfield code="a">(OCoLC)oca05924659</subfield>
  </datafield>
  <datafield tag="040" ind1=" " ind2=" ">
    <subfield code="a">DLC-ON</subfield>
    <subfield code="b">eng</subfield>
    <subfield code="c">DLC-ON</subfield>
  </datafield>
  <datafield tag="100" ind1="1" ind2=" ">
    <subfield code="a">Caḍhḍā, Sneha</subfield>
  </datafield>
  <datafield tag="400" ind1="0" ind2=" ">
    <subfield code="a">Sneha, Caḍhḍā</subfield>
  </datafield>
  <datafield tag="400" ind1="1" ind2=" ">
    <subfield code="a">Caḍḍhā, Sneha</subfield>
  </datafield>
  <datafield tag="400" ind1="0" ind2=" ">
    <subfield code="a">Sneha Caḍḍhā</subfield>
  </datafield>
  <datafield tag="400" ind1="1" ind2=" ">
    <subfield code="a">Chadha, Sneha</subfield>
  </datafield>
  <datafield tag="400" ind1="1" ind2=" ">
    <subfield code="a">Sneha Chadha</subfield>
  </datafield>
  <datafield tag="670" ind1=" " ind2=" ">
    <subfield code="a">Rāmacarita mānasa meṃ strī, 2002:</subfield>
    <subfield code="b">t.p. (Ḍā. Sneha, Caḍhḍā) t.p. verso (Dr. Sneha Chadha) jkt. (Sneha Caḍḍhā; M.A.; Ph. D.; reader, Dept. of Hindi, Ramjas Coll., Delhi U.)</subfield>
  </datafield>
</record>